<?xml version="1.0" encoding="UTF-8"?><collection xmlns="http://www.loc.gov/MARC21/slim"><record><leader>00527nam--2200193-i-4500</leader><controlfield tag="001">000032028</controlfield><controlfield tag="002">20161230</controlfield><controlfield tag="005">20161230201039</controlfield><controlfield tag="008">060222s1000------------r-----000-0-rus-d</controlfield><datafield ind1=" " ind2=" " tag="040"><subfield code="a">IFIN-HH</subfield></datafield><datafield ind1=" " ind2=" " tag="041"><subfield code="a">rus</subfield></datafield><datafield ind1=" " ind2=" " tag="080"><subfield code="a">539.14:512.54</subfield></datafield><datafield ind1="1" ind2=" " tag="100"><subfield code="a">Filippov, G.F</subfield></datafield><datafield ind1="1" ind2=" " tag="245"><subfield code="a">Mikroskopiceskaia teoria kollektivnih vozbujdenii</subfield><subfield code="c">G.f. filippov, v.i. ovcearenko, iu.f. smirnov</subfield></datafield><datafield ind1=" " ind2=" " tag="260"><subfield code="a">Kiev</subfield><subfield code="b">Naukova Dumka</subfield><subfield code="c">1981</subfield></datafield><datafield ind1=" " ind2=" " tag="300"><subfield code="a">367P</subfield></datafield><datafield ind1="1" ind2=" " tag="700"><subfield code="a">Smirnov, Iu.F</subfield></datafield><datafield ind1=" " ind2=" " tag="852"><subfield code="a">48827</subfield><subfield code="c">539.14</subfield></datafield><datafield ind1=" " ind2=" " tag="CAT"><subfield code="a">Sys</subfield><subfield code="c">20120403</subfield><subfield code="h">164029</subfield></datafield></record></collection>